<?xml version="1.0" encoding="UTF-8"?><collection xmlns="http://www.loc.gov/MARC21/slim"><record><leader>00571nam--2200181-u-4500</leader><controlfield tag="001">000055857</controlfield><controlfield tag="002">20161230</controlfield><controlfield tag="005">20161230201052</controlfield><controlfield tag="008">130809s1000------------r-----000-0-eng-d</controlfield><datafield ind1=" " ind2=" " tag="040"><subfield code="a">IFIN-HH</subfield></datafield><datafield ind1=" " ind2=" " tag="080"><subfield code="a">519.41/47</subfield></datafield><datafield ind1="1" ind2=" " tag="100"><subfield code="a">Alexandroff</subfield></datafield><datafield ind1="1" ind2="0" tag="245"><subfield code="a">An introduction to the theory of groups</subfield><subfield code="b">Translated by hazel perfect and g.m. petersen</subfield><subfield code="c">P.s. alexandroff</subfield></datafield><datafield ind1=" " ind2=" " tag="260"><subfield code="a">London</subfield><subfield code="b">Blackie &amp; Son Limited</subfield><subfield code="c">1959</subfield></datafield><datafield ind1=" " ind2=" " tag="300"><subfield code="a">112P</subfield></datafield><datafield ind1=" " ind2=" " tag="500"><subfield code="a">Titlul Original In Limba Germana: Einfuhrung In Die Gruppentheorie</subfield></datafield><datafield ind1=" " ind2=" " tag="852"><subfield code="a">11498</subfield><subfield code="c">519.4</subfield></datafield><datafield ind1=" " ind2=" " tag="CAT"><subfield code="a">Sys</subfield><subfield code="c">20130809</subfield><subfield code="h">114442</subfield></datafield></record></collection>